<?xml version="1.0" encoding="UTF-8"?>
<Balanza xmlns="www.sat.gob.mx/esquemas/ContabilidadE/1_1/BalanzaComprobacion"
 xmlns:xsi="http://www.w3.org/2001/XMLSchema-instance"
 xsi:schemaLocation="www.sat.gob.mx/esquemas/ContabilidadE/1_1/BalanzaComprobacion" Version="1.1" RFC="&amp;&amp;&amp;000000000" Mes="01" Anio="2057" TipoEnvio="C" FechaModBal="2006-05-04"
     Sello="Sello1" noCertificado="noCertificado3333333" Certificado="Certificado1">
    <Ctas NumCta="NumCta1" SaldoIni="-1073741773.00" Debe="-1073741773.00" Haber="-1073741773.00" SaldoFin="-1073741773.00"/>
    <Ctas NumCta="NumCta3" SaldoIni="-1073741773.00" Debe="-1073741773.00" Haber="-1073741773.00" SaldoFin="-1073741773.00"/>
</Balanza>
